@article{Lowe2004,
 author = {Lowe, David G.},
 title = {Distinctive Image Features from Scale-Invariant Keypoints},
 journal = {Int. J. Comput. Vision},
 issue_date = {November 2004},
 volume = {60},
 number = {2},
 month = nov,
 year = {2004},
 issn = {0920-5691},
 pages = {91--110},
 numpages = {20},
 url = {http://dx.doi.org/10.1023/B:VISI.0000029664.99615.94},
 doi = {10.1023/B:VISI.0000029664.99615.94},
 acmid = {996342},
 publisher = {Kluwer Academic Publishers},
 address = {Hingham, MA, USA},
 keywords = {image matching, invariant features, object recognition, scale invariance},
}

@article{Bay:2008:SRF:1370312.1370556,
 author = {Bay, Herbert and Ess, Andreas and Tuytelaars, Tinne and Van Gool, Luc},
 title = {Speeded-Up Robust Features (SURF)},
 journal = {Comput. Vis. Image Underst.},
 issue_date = {June, 2008},
 volume = {110},
 number = {3},
 month = jun,
 year = {2008},
 issn = {1077-3142},
 pages = {346--359},
 numpages = {14},
 url = {http://dx.doi.org/10.1016/j.cviu.2007.09.014},
 doi = {10.1016/j.cviu.2007.09.014},
 acmid = {1370556},
 publisher = {Elsevier Science Inc.},
 address = {New York, NY, USA},
 keywords = {Camera calibration, Feature description, Interest points, Local features, Object recognition},
}

@inproceedings{Rublee:2011:OEA:2355573.2356268,
 author = {Rublee, Ethan and Rabaud, Vincent and Konolige, Kurt and Bradski, Gary},
 title = {ORB: An Efficient Alternative to SIFT or SURF},
 booktitle = {Proceedings of the 2011 International Conference on Computer Vision},
 series = {ICCV '11},
 year = {2011},
 isbn = {978-1-4577-1101-5},
 pages = {2564--2571},
 numpages = {8},
 url = {http://dx.doi.org/10.1109/ICCV.2011.6126544},
 doi = {10.1109/ICCV.2011.6126544},
 acmid = {2356268},
 publisher = {IEEE Computer Society},
 address = {Washington, DC, USA},
}

@inproceedings{Lowe:1999:ORL:850924.851523,
 author = {Lowe, David G.},
 title = {Object Recognition from Local Scale-Invariant Features},
 booktitle = {Proceedings of the International Conference on Computer Vision-Volume 2 - Volume 2},
 series = {ICCV '99},
 year = {1999},
 isbn = {0-7695-0164-8},
 pages = {1150--},
 url = {http://dl.acm.org/citation.cfm?id=850924.851523},
 acmid = {851523},
 publisher = {IEEE Computer Society},
 address = {Washington, DC, USA},
}

@ARTICLE{Lindeberg94scale-spacetheory:,
    author = {Tony Lindeberg},
    title = {Scale-space theory: A basic tool for analysing structures at different scales},
    journal = {Journal of Applied Statistics},
    year = {1994},
    pages = {224--270}
}

@misc{HasbroQ1Financial,
 title = {Hasbro First Quarter 2016 Financial Results Conference Call Management Remarks},
 month = {apr},
 year = {2016},
 url = {http://files.shareholder.com/downloads/HAS/4483778445x0x886351/9CC355D1-0642-415B-BB68-CC2B756A7E6E/Hasbro_Q1_2016_Earnings_Management_Remarks_FINAL.pdf}
}


@book{international2007studio,
  title={Studio Encoding Parameters of Digital Television for Standard 4:3 and Wide-screen 16:9 Aspect Ratios: Recommendation ITU-R BT.601-6 : (Question ITU-R 1/6).},
  author={International Telecommunication Union},
  url={https://books.google.de/books?id=NpAwPwAACAAJ},
  year={2007},
  publisher={International Telecommunication Union}
}

@inproceedings{Calonder:2010:BBR:1888089.1888148,
 author = {Calonder, Michael and Lepetit, Vincent and Strecha, Christoph and Fua, Pascal},
 title = {BRIEF: Binary Robust Independent Elementary Features},
 booktitle = {Proceedings of the 11th European Conference on Computer Vision: Part IV},
 series = {ECCV'10},
 year = {2010},
 isbn = {3-642-15560-X, 978-3-642-15560-4},
 location = {Heraklion, Crete, Greece},
 pages = {778--792},
 numpages = {15},
 url = {http://dl.acm.org/citation.cfm?id=1888089.1888148},
 acmid = {1888148},
 publisher = {Springer-Verlag},
 address = {Berlin, Heidelberg},
} 


@inproceedings{Harris88alvey,
  added-at = {2009-06-09T19:58:38.000+0200},
  author = {Harris, C. and Stephens, M.},
  biburl = {https://www.bibsonomy.org/bibtex/22d2048f92453ed8d1426782cfe774b62/zap},
  booktitle = {Proceedings of the 4th Alvey Vision Conference},
  description = {MAPS citations},
  interhash = {69457ee9c61699b5153f9481a6c7f4bb},
  intrahash = {2d2048f92453ed8d1426782cfe774b62},
  keywords = {imported visual-interest-points},
  pages = {147--151},
  timestamp = {2009-06-09T23:55:27.000+0200},
  title = {A Combined Corner and Edge Detector},
  year = 1988
}


@inproceedings{Rosten:2006:MLH:2094437.2094478,
 author = {Rosten, Edward and Drummond, Tom},
 title = {Machine Learning for High-speed Corner Detection},
 booktitle = {Proceedings of the 9th European Conference on Computer Vision - Volume Part I},
 series = {ECCV'06},
 year = {2006},
 isbn = {3-540-33832-2, 978-3-540-33832-1},
 location = {Graz, Austria},
 pages = {430--443},
 numpages = {14},
 url = {http://dx.doi.org/10.1007/11744023_34},
 doi = {10.1007/11744023_34},
 acmid = {2094478},
 publisher = {Springer-Verlag},
 address = {Berlin, Heidelberg},
} 


@article{journals/cvgip/SuzukiA85,
  added-at = {2006-09-04T00:00:00.000+0200},
  author = {Suzuki, Satoshi and Abe, Keiichi},
  biburl = {https://www.bibsonomy.org/bibtex/2ad5f28891fb63752f5c5b739a8dcfc2d/dblp},
  date = {2006-09-04},
  description = {dblp},
  ee = {http://dx.doi.org/10.1016/0734-189X(85)90016-7},
  interhash = {6ebecf05bd8fd5de51037ab7d86431fb},
  intrahash = {ad5f28891fb63752f5c5b739a8dcfc2d},
  journal = {Computer Vision, Graphics, and Image Processing},
  keywords = {dblp},
  number = 1,
  pages = {32-46},
  timestamp = {2006-09-04T00:00:00.000+0200},
  title = {Topological structural analysis of digitized binary images by border following.},
  url = {http://dblp.uni-trier.de/db/journals/cvgip/cvgip30.html#SuzukiA85},
  volume = 30,
  year = 1985
}

@book{douglasalgorithms,
  title={Algorithms for the Reduction of the Number of Points Required to Represent a Digitized Line Or Its Caricature},
  author={Douglas, D.H. and Peucker, T.K.},
  url={https://books.google.de/books?id=DCkLNQAACAAJ},
  publisher={Canadian Cartographer}
}

@misc{GuardianMagicReport,
  title = {How Magic: the Gathering became a pop-culture hit – and where it goes next},
  howpublished = {\url{https://www.theguardian.com/technology/2015/jul/10/magic-the-gathering-pop-culture-hit-where-next?CMP=fb_gu}},
  author = {Owen Duffy},
  year = 2015,
  month = jul,
  note = {Accessed: 2017-24-06}
}

@misc{TwitchStat,
  title = {Twitch viewer statistic},
  howpublished = {\url{https://twitter.com/TwitchStat/status/565121827593543681}},
  year = 2015,
  month = feb,
  note = {Accessed: 2017-24-06}
}


@book{Burg06,
  added-at = {2007-01-15T15:14:32.000+0100},
  address = {Berlin, Heidelberg},
  author = {Burger, Wilhelm and Burge, Mark James},
  biburl = {https://www.bibsonomy.org/bibtex/29fb7eefad7993d0eff044cb31726f12c/timo},
  edition = {2., überarbeitete Auflage},
  interhash = {1b406245f0cb8e57368b7160c16c6af7},
  intrahash = {9fb7eefad7993d0eff044cb31726f12c},
  keywords = {Bildverarbeitung ImageJ Pixel image},
  publisher = {Springer-Verlag},
  timestamp = {2007-07-02T23:53:44.000+0200},
  title = {Digitale Bildverarbeitung : Eine Einführung mit Java und ImageJ},
  year = 2005
}

@book{international2002parameter,
  title={Parameter Values for the HDTV Standards for Production and International Programme Exchange: Recommendation ITU-R BT.709-5 : (Question ITU-R 27/11).},
  author={International Telecommunication Union},
  url={https://books.google.de/books?id=5n6bXwAACAAJ},
  year={2002},
  publisher={International Telecommunication Union}
}

@INPROCEEDINGS{Viola01rapidobject,
    author = {Paul Viola and Michael Jones},
    title = {Rapid object detection using a boosted cascade of simple features},
    booktitle = {},
    year = {2001},
    pages = {511--518}
}

@article{doi:10.1080/00031305.1992.10475879,
author = { N. S.   Altman },
title = {An Introduction to Kernel and Nearest-Neighbor Nonparametric Regression},
journal = {The American Statistician},
volume = {46},
number = {3},
pages = {175-185},
year = {1992},
doi = {10.1080/00031305.1992.10475879},

URL = { 
        http://www.tandfonline.com/doi/abs/10.1080/00031305.1992.10475879
    
},
eprint = { 
        http://www.tandfonline.com/doi/pdf/10.1080/00031305.1992.10475879
    
}
}


@article{hamming,
  added-at = {2006-04-05T23:23:26.000+0200},
  author = {Hamming, {R. W.}},
  biburl = {https://www.bibsonomy.org/bibtex/29809707ce47a2c377387500eec90180a/gromgull},
  description = {My Main bibliography file},
  interhash = {6d7d6d0a103f9158ec1a696e27aa6e36},
  intrahash = {9809707ce47a2c377387500eec90180a},
  journal = {Bell System Techincal Journal},
  keywords = {distance-measure},
  pages = {147-160},
  timestamp = {2006-04-05T23:23:26.000+0200},
  title = {{Error Detecting and Error Correcting Codes}},
  volume = 29,
  year = 1950
}


@book{Bishop:2006:PRM:1162264,
 author = {Bishop, Christopher M.},
 title = {Pattern Recognition and Machine Learning (Information Science and Statistics)},
 year = {2006},
 isbn = {0387310738},
 publisher = {Springer-Verlag New York, Inc.},
 address = {Secaucus, NJ, USA},
} 

